<record><leader>00000cas a22000007a 4500</leader><controlfield tag="001">11992097</controlfield><controlfield tag="008">850502d18571861iauwr ne      0    0eng d</controlfield><datafield ind1=" " ind2=" " tag="010"><subfield code="a">sn 85049602 </subfield></datafield><datafield ind1=" " ind2=" " tag="040"><subfield code="a">INP</subfield><subfield code="b">eng</subfield><subfield code="c">INP</subfield><subfield code="d">OCLCQ</subfield></datafield><datafield ind1=" " ind2=" " tag="042"><subfield code="a">msc</subfield></datafield><datafield ind1="0" ind2=" " tag="130"><subfield code="a">Winterset Madisonian (Winterset, Iowa : 1857)</subfield></datafield><datafield ind1="1" ind2="0" tag="245"><subfield code="a">Winterset Madisonian.</subfield></datafield><datafield ind1="1" ind2="3" tag="246"><subfield code="a">Madisonian</subfield><subfield code="f">&lt;Jan. 21, 1860-Sept. 7, 1861&gt;</subfield></datafield><datafield ind1=" " ind2=" " tag="260"><subfield code="a">Winterset, Madison Co., Iowa :</subfield><subfield code="b">J.J. Davies &amp; E.H. Talbott</subfield></datafield><datafield ind1=" " ind2=" " tag="300"><subfield code="a">v. :</subfield><subfield code="b">ill. ;</subfield><subfield code="c">57 cm.</subfield></datafield><datafield ind1=" " ind2=" " tag="310"><subfield code="a">Weekly</subfield></datafield><datafield ind1="1" ind2=" " tag="362"><subfield code="a">Began in 1857; ceased in 1861?</subfield><subfield code="z">Cf. Bibl. of Iowa newspapers.</subfield></datafield><datafield ind1=" " ind2=" " tag="500"><subfield code="a">Publisher varies.</subfield></datafield><datafield ind1=" " ind2=" " tag="588"><subfield code="a">Description based on: Vol. 4, no. 12 (Jan. 21, 1860).</subfield></datafield><datafield ind1=" " ind2=" " tag="752"><subfield code="a">United States</subfield><subfield code="b">Iowa</subfield><subfield code="c">Madison</subfield><subfield code="d">Winterset.</subfield></datafield><datafield ind1="0" ind2="0" tag="780"><subfield code="t">Iowa pilot (Winterset, Iowa)</subfield></datafield><datafield ind1="0" ind2="0" tag="785"><subfield code="t">Hawkeye flag</subfield><subfield code="w">(DLC)sn 85049603</subfield></datafield></record>